@unpublished{WCrcm2023,
  type = {Conference},
  title = {Replication of Concept Mapping Research in Biology Education: {{A}} Systematic Review and Meta-Analysis.},
  author = {Wenger, Aaron and Cobern, William},
  date = {2023},
  url = {https://ace-wenger.quarto.pub/masal23-concept-mapping/},
  eventtitle = {Michigan {{Academy}} of {{Science Arts}} and {{Letters Annual Conference}}},
  venue = {{Berrien Springs, Michigan}}
}

@unpublished{WWeef2023,
  type = {Conference},
  title = {Evaluating the Effects of Field Schools on Emerging {{STEM}} Education Researchers.},
  author = {Williams, Cody and Wenger, Aaron},
  date = {2023},
  eventtitle = {Michigan {{Academy}} of {{Science Arts}} and {{Letters Annual Conference}}},
  venue = {{Berrien Springs, Michigan}}
}
